4432 5706
869 1408 936 1529 L.
1005 1411 1060 1527 B.
1130 1409 1175 1519 S.

153 1618 406 1829 Confecbo
429 1726 587 1813 tandem
611 1662 752 1813 itinere
774 1726 911 1815 nostro
934 1726 1133 1824 literario,
1165 1722 1307 1833 quod,
1343 1748 1427 1809 non
1451 1728 1569 1833 plane
1593 1724 1784 1829 infausto,
1820 1744 1869 1813 ut

153 1958 364 2045 optamus,
394 1894 552 2036 omine,
583 1961 657 2043 per
681 1961 821 2031 omnes
844 1938 929 2019 illas
949 1936 1119 2033 maiores
1146 1934 1404 2042 minoresque
1423 1937 1608 2044 Europae
1627 1936 1748 2021 urbes
1762 1934 1866 2023 insti-

151 2160 384 2255 tueramus,
420 2167 584 2251 quarum
618 2143 690 2227 sub
718 2142 916 2249 praefidio
937 2144 1074 2249 primis
1102 2142 1194 2223 artis
1223 2142 1534 2248 typographicae
1564 2148 1699 2249 peritis
1730 2146 1867 2231 datum

153 2368 259 2462 erat,
289 2349 339 2432 ad
361 2346 484 2433 finem
508 2372 638 2457 usque
668 2348 791 2431 seculi
817 2348 960 2432 decimi
988 2346 1115 2454 quinti
1141 2343 1424 2443 inclarescere,
1468 2324 1622 2454 sibique
1647 2375 1759 2435 novo
1784 2355 1868 2437 hoc

138 2578 301 2675 opere,
331 2554 458 2641 indies
485 2554 536 2641 ad
555 2558 747 2641 maiorem
768 2550 1027 2661 perfeclionis
1053 2554 1216 2659 gradum
1242 2550 1413 2665 evedlo,
1448 2552 1593 2641 famam
1618 2583 1758 2663 parare
1781 2585 1867 2647 non

152 2758 267 2843 facile
287 2762 557 2861 interituram,
589 2764 932 2873 enumeratisque,
952 2702 1094 2859 omni,
1125 2782 1204 2867 qua
1219 2756 1307 2843 fieri
1328 2761 1367 2877 in
1383 2760 1466 2844 hoc
1483 2782 1632 2869 genere
1648 2764 1866 2869 literarum,

10 3070 12 3075 Ι
151 2985 231 3051 tam
253 2968 387 3053 multis
410 2984 573 3078 tamque
602 2972 756 3078 magnis
780 2973 934 3081 ubique
965 2968 1258 3053 difficultatibus¹
1287 2966 1444 3067 obsito,
1478 2966 1639 3076 poterat
1661 2994 1777 3088 cura,
1792 2970 1801 2985 '
1819 2980 1890 3061 iis-
2000 2968 2016 2983 ''

90 3256 96 3265 .
151 3178 228 3263 iam
250 3180 328 3261 ianr
350 3138 480 3281 libris,
518 3178 663 3285 quibus
686 3178 830 3299 notitia
851 3178 934 3261 loci
955 3178 996 3261 dt
1019 3176 1216 3283 temporis
1241 3174 1521 3283 imprellronis,
1557 3194 1604 3259 ut
1631 3195 1673 3261 et
1694 3184 1890 3267 nominis·

154 3380 346 3466 artificum
374 3382 513 3471 addita
531 3382 616 3471 estr
660 3386 758 3471 nihil
789 3385 955 3493 amplius
982 3382 1126 3469 restare
1150 3379 1332 3480 uidetur,
1369 3382 1530 3467 niune
1547 3406 1589 3468 et
1615 3376 1860 3492 reliquorum

155 3590 326 3672 curatiot
353 3590 422 3673 fiat
445 3594 622 3694 mentio,
666 3612 839 3703 quorum
863 3592 1014 3675 natales
1041 3590 1172 3675 adhuc
1200 3592 1355 3687 latent,
1399 3586 1558 3673 illorum
1584 3618 1758 3706 nempe,
1795 3600 1863 3703 qui

153 3796 343 3883 duntaxat
368 3816 505 3882 notam
538 3802 628 3885 anni
656 3798 911 3905 imprellib'nis
937 3798 1011 3886 srbi
1040 3796 1231 3883 adie'diam
1257 3800 1437 3895 habent,
1470 3798 1537 3879 uel
1560 3800 1627 3904 qui
1654 3799 1737 3887 fine
1753 3806 1862 3890 omni
1986 3868 1997 3891 .

150 4000 437 4109 significatione
466 4007 506 4089 in
533 4008 676 4113 vulgus
704 4005 902 4113 prodiere.
959 4000 1253 4089 Destinavimus
1284 4004 1378 4087 huic
1407 4008 1543 4111 generi
1572 4008 1785 4120 librorum⁷
1813 4010 1864 4093 ad

151 4207 330 4296 seculum
358 4210 489 4335 adlruc
517 4212 851 4321 typograplricum
878 4210 1161 4319 spectantium,
1200 4230 1355 4319 partem
1381 4178 1592 4295 voluminis
1622 4219 1756 4319 quarti
1778 4217 1864 4299 An·

153 4418 379 4525 naliumque
407 4419 552 4502 horum
581 4419 718 4501 ultimi.
787 4418 1142 4507 Enumerationem
1169 4421 1328 4503 illorum
1360 4420 1561 4525 excipient
1588 4418 1863 4525 supplementa

154 4621 558 4739 emendationesque,
589 4650 752 4731 quarum
784 4626 1093 4735 colligendarum
1111 4627 1160 4713 ad
1180 4630 1288 4713 hunc
1310 4648 1440 4731 usque
1464 4624 1568 4712 diem
1589 4622 1756 4712 facultas
1784 4656 1862 4717 no-

149 4826 213 4909 bis
245 4833 542 4947 praebebatur,
589 4830 776 4921 adrunuo
810 4833 943 4921 indice
974 4838 1168 4922 librorum
1202 4860 1287 4923 non
1323 4831 1450 4919 solum
1487 4837 1666 4937 omnium
1702 4840 1743 4921 in
1780 4840 1861 4923 hoc

1676 5065 1804 5153 opere
